@inproceedings{han2022control,
  title={Control parameters considered harmful: Detecting range specification bugs in drone configuration modules via learning-guided search},
  author={Han, Ruidong and Yang, Chao and Ma, Siqi and Ma, JiangFeng and Sun, Cong and Li, Juanru and Bertino, Elisa},
  booktitle={Proceedings of the IEEE/ACM 44th International Conference on Software Engineering (ICSE)},
  pages={462--473},
  year={2022},
  organization={IEEE}
}

@inproceedings{rvfuzzer,
author = {Taegyu Kim and Chung Hwan Kim and Junghwan Rhee and Fan Fei and Zhan Tu and Gregory Walkup and Xiangyu Zhang and Xinyan Deng and Dongyan Xu},
title = {RVFuzzer: Finding input validation bugs in robotic vehicles through control-guided testing},
booktitle = {Proceedings of the 28th {USENIX} Security Symposium ({USENIX} Security)},
year = {2019},
pages = {425--442},
publisher = {{USENIX} Association},
month = aug,
}

@Misc{news1,
note = {\url{https://www.nationalgeographic.org/article/ data-drones/}},
title = {Data Drones.},
author = {S. Thornton},
year = {2016}
}

@Misc{news2,
note = {\url{https://www.washingtonpost.com/news/ innovations/wp/2015/10/07/in-nepal-a-model-for-using-drones-forhumanitarianism-emerges/}},
title = {In Nepal, a Model for Using Drones for Humanitarianism Emerges},
author = {M. McFarland},
year = {2015}
}

@Misc{news3,
note = {\url{https://www.forbes.com/sites/ryanmac/2015/07/ 28/amazon-proposes-drone-highway-as-it-readies-for-flying-packagedelivery/}},
title = {Amazon Proposes Drone Highway As It Readies For Flying Package Delivery},
author = {R. Mac},
year = {2015}
}



@article{polka2017use,
  title={The use of UAV's for search and rescue operations},
  author={P{\'o}{\l}ka, Marzena and Ptak, Szymon and Kuziora, {\L}ukasz},
  journal={Procedia engineering},
  volume={192},
  pages={748--752},
  year={2017},
  publisher={Elsevier}
}

@Misc{ardupilot,
note = {\url{https://ardupilot.org/}},
title = {Ardupilot - Versatile, Trusted, Open Autopilot software for drones and other autonomous systems.},
author = {ArduPilot Dev Team}
}

@article{yu2015multi,
  title={Multi-scale context aggregation by dilated convolutions},
  author={Yu, Fisher and Koltun, Vladlen},
  journal={arXiv preprint arXiv:1511.07122},
  year={2015}
}

@inproceedings{he2016deep,
  title={Deep residual learning for image recognition},
  author={He, Kaiming and Zhang, Xiangyu and Ren, Shaoqing and Sun, Jian},
  booktitle={Proceedings of the IEEE conference on computer vision and pattern recognition},
  pages={770--778},
  year={2016}
}

@article{kwon2018empirical,
  title={Empirical analysis of mavlink protocol vulnerability for attacking unmanned aerial vehicles},
  author={Kwon, Young-Min and Yu, Jaemin and Cho, Byeong-Moon and Eun, Yongsoon and Park, Kyung-Joon},
  journal={IEEE Access},
  volume={6},
  pages={43203--43212},
  year={2018},
  publisher={IEEE}
}

@inproceedings{rodday2016exploring,
  title={Exploring security vulnerabilities of unmanned aerial vehicles},
  author={Rodday, Nils Miro and Schmidt, Ricardo de O and Pras, Aiko},
  booktitle={In Proceedings of the 16th IEEE/IFIP Network Operations and Management Symposium},
  pages={993--994},
  year={2016},
  publisher={IEEE}
}

@inproceedings{vanhoef2017key,
  title={Key reinstallation attacks: Forcing nonce reuse in WPA2},
  author={Vanhoef, Mathy and Piessens, Frank},
  booktitle={In Proceedings of the 2017 ACM SIGSAC Conference on Computer and Communications Security},
  pages={1313--1328},
  year={2017}
}

@article{hochreiter1997long,
  title={Long short-term memory},
  author={Hochreiter, Sepp and Schmidhuber, J{\"u}rgen},
  journal={Neural computation},
  volume={9},
  number={8},
  pages={1735--1780},
  year={1997},
  publisher={MIT Press}
}

@article{bai2018empirical,
  title={An empirical evaluation of generic convolutional and recurrent networks for sequence modeling},
  author={Bai, Shaojie and Kolter, J Zico and Koltun, Vladlen},
  journal={arXiv preprint arXiv:1803.01271},
  year={2018}
}

@article{rnn,
title = {Fundamentals of Recurrent Neural Network (RNN) and Long Short-Term Memory (LSTM) network},
journal = {Physica D: Nonlinear Phenomena},
volume = {404},
pages = {132306},
year = {2020},
issn = {0167-2789},
author = {Alex Sherstinsky}
}

@article{schmidhuber2015deep,
  title={Deep learning in neural networks: An overview},
  author={Schmidhuber, J{\"u}rgen},
  journal={Neural networks},
  volume={61},
  pages={85--117},
  year={2015},
  publisher={Elsevier}
}

@article{ernst2001dynamically,
  title={Dynamically discovering likely program invariants to support program evolution},
  author={Ernst, Michael D and Cockrell, Jake and Griswold, William G and Notkin, David},
  journal={IEEE transactions on software engineering},
  volume={27},
  number={2},
  pages={99--123},
  year={2001},
  publisher={IEEE}
}

@inproceedings{rocsu2009runtime,
  title={Runtime verification of C memory safety},
  author={Ro{\c{s}}u, Grigore and Schulte, Wolfram and {\c{S}}erb{\u{a}}nu{\c{t}}{\u{a}}, Traian Florin},
  booktitle={International Workshop on Runtime Verification},
  pages={132--151},
  year={2009},
  organization={Springer}
}

@inproceedings{zhang2017s3fd,
  title={S3fd: Single shot scale-invariant face detector},
  author={Zhang, Shifeng and Zhu, Xiangyu and Lei, Zhen and Shi, Hailin and Wang, Xiaobo and Li, Stan Z},
  booktitle={Proceedings of the IEEE international conference on computer vision},
  pages={192--201},
  year={2017}
}

@inproceedings{choi2018detecting,
  title={Detecting attacks against robotic vehicles: A control invariant approach},
  author={Choi, Hongjun and Lee, Wen-Chuan and Aafer, Yousra and Fei, Fan and Tu, Zhan and Zhang, Xiangyu and Xu, Dongyan and Deng, Xinyan},
  booktitle={Proceedings of the 2018 ACM SIGSAC Conference on Computer and Communications Security},
  pages={801--816},
  year={2018}
}

@Misc{handware,
note = {\url{https://ardupilot.org/copter/docs/common-autopilots.html\#closed-hardware}},
author = {ArduPilot Team},
title  = {Autopilot Hardware Options.}
}

@Misc{px4,
note = {\url{https://px4.io/}},
title = {PX4 - An open source flight control software for drones and other unmanned vehicles.},
author = {DroneCode}
}


@article{knuth1971optimum,
  title={Optimum Binary Search Trees},
  author={Knuth, Donald E.},
  journal={Acta informatica},
  volume={1},
  number={1},
  pages={14--25},
  year={1971},
  publisher={Springer}
}


@inproceedings{tartler,
author = {Tartler, Reinhard and Lohmann, Daniel and Dietrich, Christian and Egger, Christoph and Sincero, Julio},
title = {Configuration coverage in the analysis of large-scale system software},
year = {2011},
booktitle = {Proceedings of the 6th Workshop on Programming Languages and Operating Systems (PLOS)},
articleno = {2},
numpages = {5},
publisher= {ACM}
}


@inproceedings {mayday,
author = {Taegyu Kim and Chung Hwan Kim and Altay Ozen and Fan Fei and Zhan Tu and Xiangyu Zhang and Xinyan Deng and Dave (Jing) Tian and Dongyan Xu},
title = {From control model to program: Investigating robotic aerial vehicle accidents with {MAYDAY}},
booktitle = {Proceedings of the 29th {USENIX} Security Symposium ({USENIX} Security)},
year = {2020},
pages = {913--930},
publisher = {{USENIX} Association},
}

@ARTICLE{Believing,
  author={Cheng, Long and Tian, Ke and Yao, Danfeng Daphne and Sha, Lui and Beyah, Raheem A.},
  journal={IEEE Transactions on Dependable and Secure Computing}, 
  title={Checking is Believing: Event-Aware program anomaly detection in cyber-physical systems}, 
  year={2021},
  volume={18},
  number={2},
  pages={825-842},
}

@misc{zhu2019new,
      title={A new hierarchical software architecture towards safety-critical aspects of a drone system}, 
      author={Xiao-rui Zhu and Chen Liang and Zhen-guo Yin and Zhong Shao and Meng-qi Liu and Hao Chen},
      year={2019},
      eprint={1905.06768},
      archivePrefix={arXiv},
      primaryClass={cs.SE}
}

@inproceedings{cheng2018dtaint,
  title={DTaint: detecting the taint-style vulnerability in embedded device firmware},
  author={Cheng, Kai and Li, Qiang and Wang, Lei and Chen, Qian and Zheng, Yaowen and Sun, Limin and Liang, Zhenkai},
  booktitle={Proceedings of the 48th Annual IEEE/IFIP International Conference on Dependable Systems and Networks (DSN)},
  pages={430--441},
  year={2018},
  organization={IEEE}
}

@inproceedings{she2020neutaint,
  title={Neutaint: Efficient dynamic taint analysis with neural networks},
  author={She, Dongdong and Chen, Yizheng and Shah, Abhishek and Ray, Baishakhi and Jana, Suman},
  booktitle={Proceedings of the 2020 IEEE Symposium on Security and Privacy (SP)},
  pages={1527--1543},
  year={2020},
  organization={IEEE}
}

@inproceedings{chibotaru2019scalable,
  title={Scalable taint specification inference with big code},
  author={Chibotaru, Victor and Bichsel, Benjamin and Raychev, Veselin and Vechev, Martin},
  booktitle={Proceedings of the 40th ACM SIGPLAN Conference on Programming Language Design and Implementation (PLDI)},
  pages={760--774},
  year={2019},
  organization={ACM}
}

@article{halin2019test,
  title={Test them all, is it worth it? Assessing configuration sampling on the jHipster web development stack},
  author={Halin, Axel and Nuttinck, Alexandre and Acher, Mathieu and Devroey, Xavier and Perrouin, Gilles and Baudry, Benoit},
  journal={Empirical Software Engineering},
  volume={24},
  number={2},
  pages={674--717},
  year={2019},
  publisher={Springer}
}

@inproceedings{librepilot ,
  note = {\url{https://www.librepilot.org/site/index.htmll}},
  title = {Librepilot: a software suite to control multicopter and other RC-models.},
  author = {Librepilot}
}

@inproceedings{bok2011context,
  author={Bok, Patrick-Benjamin and Tuchelmann, York},
  booktitle={Proceedings of the 20th International Conference on Computer Communications and Networks (ICCCN)}, 
  title={Context-Aware QoS Control for Wireless Mesh Networks of UAVs}, 
  year={2011},
  pages={1-6},
  publisher={IEEE}
}

@article{bekmezci2013flying,
  title={Flying ad-hoc networks (FANETs): A survey},
  author={Bekmezci, Ilker and Sahingoz, Ozgur Koray and Temel, {\c{S}}amil},
  journal={Ad Hoc Networks},
  volume={11},
  number={3},
  pages={1254--1270},
  year={2013},
  publisher={Elsevier}
}

@article{ga,
  title={A genetic algorithm tutorial},
  author={Whitley, Darrell},
  journal={Statistics and computing},
  volume={4},
  number={2},
  pages={65--85},
  year={1994},
  publisher={Springer}
}

@inproceedings{stock,  
author={Akita, Ryo and Yoshihara, Akira and Matsubara, Takashi and Uehara, Kuniaki},
  booktitle={Proceedings of the 15th IEEE/ACIS International Conference on Computer and Information Science (ICIS)}, 
  title={Deep learning for stock prediction using numerical and textual information}, 
  year={2016},
  pages={1-6},
  publisher={IEEE}
}

@inproceedings{highway,  
author={Altché, Florent and de La Fortelle, Arnaud},
booktitle={Proceedings of the 20th IEEE International Conference on Intelligent Transportation Systems (ITSC)},   title={An LSTM network for highway trajectory prediction},   
year={2017},  
pages={353-359}, 
  publisher={IEEE}
}

@inproceedings{selvin2017stock,
  title={Stock price prediction using LSTM, RNN and CNN-sliding window model},
  author={Selvin, Sreelekshmy and Vinayakumar, R and Gopalakrishnan, E. A and Menon, Vijay Krishna and Soman, K. P.},
  booktitle={Proceedings of the 2017 International Conference on Advances in Computing, Communications and Informatics (ICACCI)},
  pages={1643--1647},
  year={2017},
  publisher={IEEE}
}

@ARTICLE{4775883,
  author={Wang, Zhou and Bovik, Alan C.},
  journal={IEEE Signal Processing Magazine}, 
  title={Mean squared error: Love it or leave it? A new look at Signal Fidelity Measures}, 
  year={2009},
  volume={26},
  number={1},
  pages={98-117},
 }

@article{schubert2017dbscan,
  title={DBSCAN revisited, revisited: why and how you should (still) use DBSCAN},
  author={Schubert, Erich and Sander, J{\"o}rg and Ester, Martin and Kriegel, Hans Peter and Xu, Xiaowei},
  journal={ACM Transactions on Database Systems (TODS)},
  volume={42},
  number={3},
  pages={1--21},
  year={2017},
  publisher={ACM New York, NY, USA}
}

@inproceedings{meier2011pixhawk,
  title={Pixhawk: A system for autonomous flight using onboard computer vision},
  author={Meier, Lorenz and Tanskanen, Petri and Fraundorfer, Friedrich and Pollefeys, Marc},
  booktitle={Proceedings of the 2011 IEEE International Conference on Robotics and Automation (ICRA)},
  pages={2992--2997},
  year={2011},
  organization={IEEE}
}

@inproceedings{airsim2017fsr,
  author = {Shital Shah and Debadeepta Dey and Chris Lovett and Ashish Kapoor},
  title = {AirSim: High-fidelity visual and physical simulation for autonomous vehicles},
  year = {2017},
  booktitle = {Field and Service Robotics},
  eprint = {arXiv:1705.05065},
}

@article{chabot2018trends,
  title={Trends in drone research and applications as the Journal of Unmanned Vehicle Systems turns five},
  author={Chabot, Dominique},
  journal={Journal of Unmanned Vehicle Systems},
  volume={6},
  number={1},
  pages={vi--xv},
  year={2018},
  publisher={NRC Research Press}
}

@article{banos2020assessment,
  title={An assessment of contamination pickup on ground robotic vehicles for nuclear surveying application},
  author={Banos, Antonios and Hayman, Jim and Wallace-Smith, Tom and Bird, Benjamin and Lennox, Barry and Scott, Thomas B},
  journal={Journal of Radiological Protection},
  year={2020},
  publisher={IOP Publishing}
}

@inproceedings{patino2009adaptive,
  title={Adaptive critic designs-based autonomous unmanned vehicles navigation: application to robotic farm vehicles},
  author={Patino, H Daniel and Tosetti, Santiago and Capraro, Flavio},
  booktitle={2009 IEEE Symposium on Adaptive Dynamic Programming and Reinforcement Learning},
  pages={233--237},
  year={2009},
  organization={IEEE}
}

@article{shukla2016application,
  title={Application of robotics in offshore oil and gas industry—A review Part II},
  author={Shukla, Amit and Karki, Hamad},
  journal={Robotics and Autonomous Systems},
  volume={75},
  pages={508--524},
  year={2016},
  publisher={Elsevier}
}

@article{huang2021multi,
  title={Multi-agent deep reinforcement learning for computation offloading and interference coordination in small cell networks},
  author={Huang, Xiaoyan and Leng, Supeng and Maharjan, Sabita and Zhang, Yan},
  journal={IEEE Transactions on Vehicular Technology},
  volume={70},
  number={9},
  pages={9282--9293},
  year={2021},
  publisher={IEEE}
}

@article{li2018uav,
  title={UAV communications for 5G and beyond: Recent advances and future trends},
  author={Li, Bin and Fei, Zesong and Zhang, Yan},
  journal={IEEE Internet of Things Journal},
  volume={6},
  number={2},
  pages={2241--2263},
  year={2018},
  publisher={IEEE}
}

@inproceedings{choi2020cyber,
  title={Cyber-Physical Inconsistency Vulnerability Identification for Safety Checks in Robotic Vehicles},
  author={Choi, Hongjun and Kate, Sayali and Aafer, Yousra and Zhang, Xiangyu and Xu, Dongyan},
  booktitle={Proceedings of the 2020 ACM SIGSAC Conference on Computer and Communications Security},
  pages={263--278},
  year={2020}
}

@Misc{boe18,
note = {\url{https://www.bbc.com/news/world-africa-47513508}},
title = {Ethiopian Airlines: ’No survivors’ on crashed Boeing
737 },
author = {BBC}
}

@Misc{boe19,
note = {\url{https://www.bbc.com/news/world-asia-46014260}},
title = {Lion Air: How could a brand new plane crash?},
author = {BBC}
}

@inproceedings{fei2018cross,
  title={Cross-layer retrofitting of UAVs against cyber-physical attacks},
  author={Fei, Fan and Tu, Zhan and Yu, Ruikun and Kim, Taegyu and Zhang, Xiangyu and Xu, Dongyan and Deng, Xinyan},
  booktitle={2018 IEEE International Conference on Robotics and Automation (ICRA)},
  pages={550--557},
  year={2018},
  organization={IEEE}
}

@inproceedings{piper,
  title={Recovering Robotic Vehicles from Physical Attacks},
  author={Pritam, Dash and Li, Guanpeng and Zitao, Chen and Mehdi, Karimibiuki and Karthik, Pattabirama},
  booktitle={2021 51th Annual IEEE/IFIP International Conference on Dependable Systems and Networks (DSN)},
  year={2021},
  organization={IEEE}
}

@inproceedings{choi2020software,
  title={Software-based Realtime Recovery from Sensor Attacks on Robotic Vehicles},
  author={Choi, Hongjun and Kate, Sayali and Aafer, Yousra and Zhang, Xiangyu and Xu, Dongyan},
  booktitle={23rd International Symposium on Research in Attacks, Intrusions and Defenses (RAID )},
  pages={349--364},
  year={2020}
}

@article{ahn2019learning,
  title={Learning-Based Anomaly Detection and Monitoring for Swarm Drone Flights},
  author={Ahn, Hyojung and Choi, Han-Lim and Kang, Minguk and Moon, SungTae},
  journal={Applied Sciences},
  volume={9},
  number={24},
  pages={5477},
  year={2019},
  publisher={Multidisciplinary Digital Publishing Institute}
}

@article{cnn,
  title={Imagenet classification with deep convolutional neural networks},
  author={Krizhevsky, Alex and Sutskever, Ilya and Hinton, Geoffrey E},
  journal={Advances in neural information processing systems},
  volume={25},
  pages={1097--1105},
  year={2012}
}

@article{ebeid2018survey,
  title={A survey of open-source UAV flight controllers and flight simulators},
  author={Ebeid, Emad and Skriver, Martin and Terkildsen, Kristian Husum and Jensen, Kjeld and Schultz, Ulrik Pagh},
  journal={Microprocessors and Microsystems},
  volume={61},
  pages={11--20},
  year={2018},
  publisher={Elsevier}
}

@inproceedings{koenig2004design,
  title={Design and use paradigms for gazebo, an open-source multi-robot simulator},
  author={Koenig, Nathan and Howard, Andrew},
  booktitle={2004 IEEE/RSJ International Conference on Intelligent Robots and Systems (IROS)(IEEE Cat. No. 04CH37566)},
  volume={3},
  pages={2149--2154},
  year={2004},
  organization={IEEE}
}

@Misc{pymavlink,
note = {\url{https://github.com/ArduPilot/pymavlink}},
title = {Pymavlink - A python implementation of the MAVLink protocol}
}

@inproceedings{echeverria2011modular,
  title={Modular open robots simulation engine: Morse},
  author={Echeverria, Gilberto and Lassabe, Nicolas and Degroote, Arnaud and Lemaignan, S{\'e}verin},
  booktitle={2011 IEEE International Conference on Robotics and Automation},
  pages={46--51},
  year={2011},
  organization={IEEE}
}

@inproceedings{vilez2015trajectory,
  title={Trajectory generation and tracking using the AR. Drone 2.0 quadcopter UAV},
  author={V{\'\i}lez, Pedro and Certad, Novel and Ruiz, Elvis},
  booktitle={2015 12th Latin American Robotics Symposium and 2015 3rd Brazilian Symposium on Robotics (LARS-SBR)},
  pages={73--78},
  year={2015},
  organization={IEEE}
}

@article{shin2016deep,
  title={Deep convolutional neural networks for computer-aided detection: CNN architectures, dataset characteristics and transfer learning},
  author={Shin, Hoo-Chang and Roth, Holger R and Gao, Mingchen and Lu, Le and Xu, Ziyue and Nogues, Isabella and Yao, Jianhua and Mollura, Daniel and Summers, Ronald M},
  journal={IEEE transactions on medical imaging},
  volume={35},
  number={5},
  pages={1285--1298},
  year={2016},
  publisher={IEEE}
}

@inproceedings{girshick2015fast,
  title={Fast r-cnn},
  author={Girshick, Ross},
  booktitle={Proceedings of the IEEE international conference on computer vision},
  pages={1440--1448},
  year={2015}
}

@article{li2017energy,
  title={{Energy-efficient side-channel attack countermeasure with awareness and hybrid configuration based on it}},
  author={Li, Xiangyu and Yang, Chaoqun and Ma, Jiangsha and Liu, Yongchang and Yin, Shujuan},
  journal={IEEE Transactions on Very Large Scale Integration (VLSI) Systems},
  volume={25},
  number={12},
  pages={3355--3368},
  year={2017},
  publisher={IEEE}
}

@inproceedings{sayagh2017cross,
  title={{On cross-stack configuration errors}},
  author={Sayagh, Mohammed and Kerzazi, Noureddine and Adams, Bram},
  booktitle={Processing of the 39th IEEE/ACM International Conference on Software Engineering (ICSE)},
  pages={255--265},
  year={2017},
  organization={IEEE}
}

@inproceedings{tippenhauer2011requirements,
  title={{On the requirements for successful GPS spoofing attacks}},
  author={Tippenhauer, Nils Ole and P{\"o}pper, Christina and Rasmussen, Kasper Bonne and Capkun, Srdjan},
  booktitle={Proceedings of the 18th ACM conference on Computer and communications security},
  pages={75--86},
  year={2011}
}

@inproceedings{son2015rocking,
  title={{Rocking drones with intentional sound noise on gyroscopic sensors}},
  author={Son, Yunmok and Shin, Hocheol and Kim, Dongkwan and Park, Youngseok and Noh, Juhwan and Choi, Kibum and Choi, Jungwoo and Kim, Yongdae},
  booktitle={Proceedings of the 24th USENIX Security Symposium (USENIX Security 15)},
  pages={881--896},
  year={2015}
}

@inproceedings{trippel2017walnut,
  title={{WALNUT: Waging doubt on the integrity of MEMS accelerometers with acoustic injection attacks}},
  author={Trippel, Timothy and Weisse, Ofir and Xu, Wenyuan and Honeyman, Peter and Fu, Kevin},
  booktitle={Proceedings of the 2017 IEEE European symposium on security and privacy (EuroS\&P)},
  pages={3--18},
  year={2017},
  organization={IEEE}
}

@inproceedings{fadilahBLC20,
  author    = {Mohammad Shameel bin Mohammad Fadilah and
               Vivek Balachandran and
               Peter K. K. Loh and
               Melissa Wan Jun Chua},
  title     = {{{DRAT:} {A} Drone Attack Tool for Vulnerability Assessment}},
  booktitle = {Proceedings of 20th ACM Conference on Data and Application Security
               and Privacy, New Orleans, LA, USA, March 16-18, 2020},
  pages     = {153--155},
  publisher = {{ACM}},
  year      = {2020}
}


@article{lillicrap2015continuous,
  title={Continuous control with deep reinforcement learning},
  author={Lillicrap, Timothy P and Hunt, Jonathan J and Pritzel, Alexander and Heess, Nicolas and Erez, Tom and Tassa, Yuval and Silver, David and Wierstra, Daan},
  journal={arXiv preprint arXiv:1509.02971},
  year={2015}
}

@inproceedings{zhou2022doublestar,
  title={DoubleStar:Long-Range Attack Towards Depth Estimation based Obstacle Avoidance in Autonomous Systems},
  author={Zhou, Ce and Yan, Qiben and Shi, Yan and Sun, Lichao},
  booktitle={Proceedings of the 31st USENIX Security Symposium (USENIX Security)},
  pages={1885--1902},
  year={2022}
}

@inproceedings{ding2023get,
  title={Get Your Cyber-Physical Tests Done! Data-Driven Vulnerability Assessment of Robotic Vehicle},
  author={Ding, Aolin and Chan, Matthew and Hassanzadeh, Amin and Tippenhauer, Nils Ole and Ma, Shiqing and Zonouz, Saman},
  booktitle={Proceedings of the International Conference on Dependable Systems and Networks (DSN)},
  year={2023}
}

@article{lee2023heterogeneous,
  title={Heterogeneous Anomaly Detection for Software Systems via Semi-supervised Cross-modal Attention},
  author={Lee, Cheryl and Yang, Tianyi and Chen, Zhuangbin and Su, Yuxin and Yang, Yongqiang and Lyu, Michael R},
  journal={arXiv preprint arXiv:2302.06914},
  year={2023}
}

@article{dash2021stealthy,
  title={{Stealthy attacks against robotic vehicles protected by control-based intrusion detection techniques}},
  author={Dash, Pritam and Karimibiuki, Mehdi and Pattabiraman, Karthik},
  journal={Digital Threats: Research and Practice},
  volume={2},
  number={1},
  pages={1--25},
  year={2021},
  publisher={ACM New York, NY, USA}
}

@inproceedings{alhawi2019finding,
  title={{Finding security vulnerabilities in unmanned aerial vehicles using software verification}},
  author={Alhawi, Omar M and Mustafa, Mustafa A and Cordiro, Lucas C},
  booktitle={Proceedings of the 2019 International Workshop on Secure Internet of Things (SIOT)},
  pages={1--9},
  year={2019},
  organization={IEEE}
}

@inproceedings{taylor2021avis,
  title={{Avis: In-Situ Model Checking for Unmanned Aerial Vehicles}},
  author={Taylor, Max and Chen, Haicheng and Qin, Feng and Stewart, Christopher},
  booktitle={Proceedings of the 51st Annual IEEE/IFIP International Conference on Dependable Systems and Networks (DSN)},
  pages={471--483},
  year={2021},
  organization={IEEE}
}

@article{bhoi2021internet,
  title={{An Internet of Things assisted Unmanned Aerial Vehicle based artificial intelligence model for rice pest detection}},
  author={Bhoi, Sourav Kumar and Jena, Kalyan Kumar and Panda, Sanjaya Kumar and Long, Hoang Viet and Kumar, Raghvendra and Subbulakshmi, P and Jebreen, Haifa Bin},
  journal={Microprocessors and Microsystems},
  volume={80},
  pages={103607},
  year={2021},
  publisher={Elsevier}
}

@inproceedings{zeng2022fault,
  title={{Fault Localization via Efficient Probabilistic Modeling of Program Semantics}},
  author={Zeng, Muhan and Wu, Yiqian and Ye, Zhentao and Xiong, Yingfei and Zhang, Xin and Zhang, Lu},
  booktitle={Processing of the IEEE/ACM 44th International Conference on Software Engineering (ICSE)},
  pages     = {958--969},
  publisher = {{ACM}},
  year={2022}
}

@inproceedings{ReidJM22,
  author    = {David Reid and
               Mahmoud Jahanshahi and
               Audris Mockus},
  title     = {{The Extent of Orphan Vulnerabilities from Code Reuse in Open Source Software}},
  booktitle = {Processing of the 44th IEEE/ACM 44th International Conference on Software Engineering,
               (ICSE)},
  pages     = {2104--2115},
  publisher = {{ACM}},
  year      = {2022}
}

@inproceedings{nguyen2021gentree,
  title={GenTree: Using decision trees to learn interactions for configurable software},
  author={Nguyen, KimHao and Nguyen, ThanhVu},
  booktitle={Processing of the 43rd IEEE/ACM  International Conference on Software Engineering (ICSE)},
  pages={1598--1609},
  year={2021},
  organization={IEEE}
}

@inproceedings{xin2017leveraging,
  title={{Leveraging syntax-related code for automated program repair}},
  author={Xin, Qi and Reiss, Steven P},
  booktitle={Processing of the 32nd IEEE/ACM International Conference on Automated Software Engineering (ASE)},
  pages={660--670},
  year={2017},
  organization={IEEE}
}

@inproceedings{kim2022pgpatch,
  title={{PGPATCH: Policy-Guided Logic Bug Patching for Robotic Vehicles}},
  author={Kim, Hyungsub and Ozmen, Muslum Ozgur and Celik, Z Berkay and Bianchi, Antonio and Xu, Dongyan},
  booktitle={Proceedings of the 43rd IEEE Symposium on Security and Privacy (S\&P)},
  year={2022}
}

@Misc{avc,
title = {SparkFun autonomous vehicle competition 2013},
note={\url{https://avc.sparkfun.com/2013}},
author =  {ArduPilot Team}
}

@Misc{mavlink,
  title={{Mavlink: Micro air vehicle communication protocol}},
  author={Meier, Lorenz and Camacho, J and Godbolt, B and Goppert, J and Heng, L and Lizarraga, M and others},
  year={2013}
}

@inproceedings{fleetwood2004introduction,
  title={{An introduction to differential evolution}},
  author={Fleetwood, Kelly},
  booktitle={Proceedings of Mathematics and Statistics of Complex Systems (MASCOS) One Day Symposium, 26th November, Brisbane, Australia},
  pages={785--791},
  year={2004}
}

@article{heredia2008sensor,
  title={Sensor and actuator fault detection in small autonomous helicopters},
  author={Heredia, G and Ollero, A and Bejar, M and Mahtani, R},
  journal={Mechatronics},
  volume={18},
  number={2},
  pages={90--99},
  year={2008},
  publisher={Elsevier}
}

@inproceedings{samy2008neural,
  title={Neural network based sensor validation scheme demonstrated on an unmanned air vehicle (UAV) model},
  author={Samy, Ihab and Postlethwaite, Ian and Gu, Dawei},
  booktitle={Proceedings of the 47th IEEE Conference on Decision and Control (CDC)},
  pages={1237--1242},
  year={2008},
  publisher={IEEE}
}

@article{avola2021automatic,
  title={Automatic estimation of optimal UAV flight parameters for real-time wide areas monitoring},
  author={Avola, Danilo and Cinque, Luigi and Fagioli, Alessio and Foresti, Gian Luca and Pannone, Daniele and Piciarelli, Claudio},
  journal={Multimedia Tools and Applications},
  volume={80},
  pages={25009--25031},
  year={2021},
  publisher={Springer}
}

@inproceedings{schiller2023drone,
  title={Drone Security and the Mysterious Case of DJI’s DroneID},
  author={Schiller, Nico and Chlosta, Merlin and Schloegel, Moritz and Bars, Nils and Eisenhofer, Thorsten and Scharnowski, Tobias and Domke, Felix and Sch{\"o}nherr, Lea and Holz, Thorsten},
  booktitle={Proceedings of the 2023 Network and Distributed System Security Symposium (NDSS)},
  year={2023}
}

@inproceedings{she2019neuzz,
  title={NEUZZ: Efficient fuzzing with neural program smoothing},
  author={She, Dongdong and Pei, Kexin and Epstein, Dave and Yang, Junfeng and Ray, Baishakhi and Jana, Suman},
  booktitle={Proceedings of the 2019 IEEE Symposium on Security and Privacy (SP)},
  pages={803--817},
  year={2019},
  publisher={IEEE}
}

@inproceedings{yan2017exploitmeter,
  title={Exploitmeter: Combining fuzzing with machine learning for automated evaluation of software exploitability},
  author={Yan, Guanhua and Lu, Junchen and Shu, Zhan and Kucuk, Yunus},
  booktitle={Proceedings of the 2017 IEEE Symposium on Privacy-Aware Computing (PAC)},
  pages={164--175},
  year={2017},
  publisher={IEEE}
}

@inproceedings{chen2019learning,
  title={Learning-Guided network fuzzing for testing cyber-physical system defences},
  author={Chen, Yuqi and Poskitt, Christopher M and Sun, Jun and Adepu, Sridhar and Zhang, Fan},
  booktitle={Proceedings of the 34th IEEE/ACM International Conference on Automated Software Engineering (ASE)},
  pages={962--973},
  year={2019},
  publisher={IEEE}
}

@inproceedings{bottinger2018deep,
  title={Deep reinforcement fuzzing},
  author={B{\"o}ttinger, Konstantin and Godefroid, Patrice and Singh, Rishabh},
  booktitle={Proceedings of the 2018 IEEE Security and Privacy Workshops (SPW)},
  pages={116--122},
  year={2018},
  publisher={IEEE}
}

@article{mnih2013playing,
  title={Playing atari with deep reinforcement learning},
  author={Mnih, Volodymyr and Kavukcuoglu, Koray and Silver, David and Graves, Alex and Antonoglou, Ioannis and Wierstra, Daan and Riedmiller, Martin},
  journal={arXiv preprint arXiv:1312.5602},
  year={2013}
}

@inproceedings{daneshmand2012low,
  title={A low-complexity GPS anti-spoofing method using a multi-antenna array},
  author={Daneshmand, Saeed and Jafarnia-Jahromi, Ali and Broumandon, Ali and Lachapelle, G{\'e}rard},
  booktitle={Proceedings of the 25th International Technical Meeting of the Satellite Division of the Institute of Navigation (ION GNSS)},
  pages={1233--1243},
  year={2012}
}

@article{aggarwal2020path,
  title={Path planning techniques for unmanned aerial vehicles: A review, solutions, and challenges},
  author={Aggarwal, Shubhani and Kumar, Neeraj},
  journal={Computer Communications},
  volume={149},
  pages={270--299},
  year={2020},
  publisher={Elsevier}
}

@inproceedings{chen2019machine,
  title={A machine learning based attack in UAV communication networks},
  author={Chen, Xiao-Chun and Chen, Yu-Jia},
  booktitle={2019 IEEE 90th Vehicular Technology Conference (VTC2019-Fall)},
  pages={1--2},
  year={2019},
  organization={IEEE}
}

@article{li2018protecting,
  title={Protecting secure communication under UAV smart attack with imperfect channel estimation},
  author={Li, Chao and Xu, Yan and Xia, Junjuan and Zhao, Junhui},
  journal={IEEE Access},
  volume={6},
  pages={76395--76401},
  year={2018},
  publisher={IEEE}
}

@article{gaspar2020capture,
  title={Capture of UAVs through gps spoofing using low-cost SDR platforms},
  author={Gaspar, Jo{\~a}o and Ferreira, Renato and Sebasti{\~a}o, Pedro and Souto, Nuno},
  journal={Wireless Personal Communications},
  volume={115},
  pages={2729--2754},
  year={2020},
  publisher={Springer}
}
@article{huang2015gps,
  title={Gps spoofing: Low-cost gps simulator},
  author={Huang, Lin and Yang, Qing},
  journal={DEF CON},
  volume={23},
  year={2015}
}

@inproceedings{cummins2018compiler,
  title={Compiler fuzzing through deep learning},
  author={Cummins, Chris and Petoumenos, Pavlos and Murray, Alastair and Leather, Hugh},
  booktitle={Proceedings of the 27th ACM SIGSOFT International Symposium on Software Testing and Analysis (ISSTA)},
  pages={95--105},
  year={2018},
  publisher={ACM}
}

@inproceedings{wang2021exploratory,
  author={Wang, Dinghua and Li, Shuqing and Xiao, Guanping and Liu, Yepang and Sui, Yulei},
  booktitle={Proceedings of the 29th ACM Joint Meeting on European Software Engineering Conference and Symposium on the Foundations of Software Engineering (ESEC/FSE)},
  title={{An exploratory study of autopilot software bugs in unmanned aerial vehicles}},
  pages={20--31},
  year={2021}
}

@inproceedings{liang2021understanding,
  author={Liang, Xiaozhou and Burns, John Henry and Sanchez, Joseph and Dantu, Karthik and Ziarek, Lukasz and Liu, Yu David},
  booktitle={Proceedings of the IEEE/ACM 43rd International Conference on Software Engineering (ICSE)},
  title={{Understanding Bounding Functions in Safety-Critical UAV Software}},
  pages={1311--1322},
  year={2021},
}

@inproceedings{kim2021pgfuzz,
  author={Kim, Hyungsub and Ozmen, Muslum Ozgur and Bianchi, Antonio and Celik, Z Berkay and Xu, Dongyan},
  booktitle={Proceedings of the the 28th The Network and Distributed System Security Symposium (NDSS)},
  title={{PGFUZZ: Policy-Guided Fuzzing for Robotic Vehicles}},
  year={2021}
}

@inproceedings{crosslayer,
  author={Fei, Fan and Tu, Zhan and Yu, Ruikun and Kim, Taegyu and Zhang, Xiangyu and Xu, Dongyan and Deng, Xinyan},
  booktitle={Proceedings of the 17th IEEE International Conference on Robotics and Automation (ICRA)},
  title={{Cross-layer retrofitting of UAVs against cyber-physical attacks}},
  pages={550--557},
  year={2018},
}

@inproceedings{crowdgps,
  author={Jansen, Kai and Sch{\"a}fer, Matthias and Moser, Daniel and Lenders, Vincent and P{\"o}pper, Christina and Schmitt, Jens},
  booktitle={Proceedings of the 39th IEEE Symposium on Security and Privacy (S\&P)},
  title={{Crowd-gps-sec: Leveraging crowdsourcing to detect and localize gps spoofing attacks}},
  pages={1018--1031},
  year={2018},
}

@inproceedings{sindhwani2020unsupervised,
  author={Sindhwani, Vikas and Sidahmed, Hakim and Choromanski, Krzysztof and Jones, Brandon},
  booktitle={Proceedings of the 19th IEEE International Conference on Robotics and Automation (ICRA)},
  title={{Unsupervised anomaly detection for self-flying delivery drones}},
  pages={186--192},
  year={2020},
}

@inproceedings{quinonez2020savior,
  author={Quinonez, Raul and Giraldo, Jairo and Salazar, Luis and Bauman, Erick and Cardenas, Alvaro and Lin, Zhiqiang},
  booktitle={Proceedings of the 29th USENIX Security Symposium (USENIX Security)},
  title={{SAVIOR: Securing autonomous vehicles with robust physical invariants}},
  pages={895--912},
  year={2020}
}

@inproceedings{dash2021pid,
  title={{Pid-piper: Recovering robotic vehicles from physical attacks}},
  author={Dash, Pritam and Li, Guanpeng and Chen, Zitao and Karimibiuki, Mehdi and Pattabiraman, Karthik},
  booktitle={Proceedings of the 51st Annual IEEE/IFIP International Conference on Dependable Systems and Networks (DSN)},
  pages={26--38},
  year={2021},
  organization={IEEE}
}

@article{omolara2023drone,
  title={Drone cybersecurity issues, solutions, trend insights and future perspectives: a survey},
  author={Omolara, Abiodun Esther and Alawida, Moatsum and Abiodun, Oludare Isaac},
  journal={Neural Computing and Applications},
  volume={35},
  number={31},
  pages={23063--23101},
  year={2023},
  publisher={Springer}
}

@article{derhab2023internet,
  title={Internet of drones security: Taxonomies, open issues, and future directions},
  author={Derhab, Abdelouahid and Cheikhrouhou, Omar and Allouch, Azza and Koubaa, Anis and Qureshi, Basit and Ferrag, Mohamed Amine and Maglaras, Leandros and Khan, Farrukh Aslam},
  journal={Vehicular Communications},
  volume={39},
  pages={100552},
  year={2023},
  publisher={Elsevier}
}

@inproceedings{nassi2021sok,
  author={Nassi, Ben and Bitton, Ron and Masuoka, Ryusuke and Shabtai, Asaf and Elovici, Yuval},
  booktitle={Proceedings of the 42nd IEEE Symposium on Security and Privacy (S\&P)},
  title={{SoK: Security and privacy in the age of commercial drones}},
  pages={1434--1451},
  year={2021},
}

@article{lu2017motor,
  title={Motor anomaly detection for unmanned aerial vehicles using reinforcement learning},
  author={Lu, Huimin and Li, Yujie and Mu, Shenglin and Wang, Dong and Kim, Hyoungseop and Serikawa, Seiichi},
  journal={IEEE internet of things journal},
  volume={5},
  number={4},
  pages={2315--2322},
  year={2017},
  publisher={IEEE}
}

@article{abbaspour2016detection,
  title={Detection of fault data injection attack on uav using adaptive neural network},
  author={Abbaspour, Alireza and Yen, Kang K and Noei, Shirin and Sargolzaei, Arman},
  journal={Procedia computer science},
  volume={95},
  pages={193--200},
  year={2016},
  publisher={Elsevier}
}

@article{hassija2021fast,
  title={Fast, reliable, and secure drone communication: A comprehensive survey},
  author={Hassija, Vikas and Chamola, Vinay and Agrawal, Adhar and Goyal, Adit and Luong, Nguyen Cong and Niyato, Dusit and Yu, Fei Richard and Guizani, Mohsen},
  journal={IEEE Communications Surveys \& Tutorials},
  volume={23},
  number={4},
  pages={2802--2832},
  year={2021},
  publisher={IEEE}
}

@article{sharma2020communication,
  title={Communication and networking technologies for UAVs: A survey},
  author={Sharma, Abhishek and Vanjani, Pankhuri and Paliwal, Nikhil and Basnayaka, Chathuranga M Wijerathna and Jayakody, Dushantha Nalin K and Wang, Hwang-Cheng and Muthuchidambaranathan, P},
  journal={Journal of Network and Computer Applications},
  volume={168},
  pages={102739},
  year={2020},
  publisher={Elsevier}
}

@inproceedings{dash2019out,
  title={Out of control: stealthy attacks against robotic vehicles protected by control-based techniques},
  author={Dash, Pritam and Karimibiuki, Mehdi and Pattabiraman, Karthik},
  booktitle={Proceedings of the 35th Annual Computer Security Applications Conference},
  pages={660--672},
  year={2019}
}

@inproceedings{qi2014strength,
  title={The strength of random search on automated program repair},
  author={Qi, Yuhua and Mao, Xiaoguang and Lei, Yan and Dai, Ziying and Wang, Chengsong},
  booktitle={Proceedings of the 36th International Conference on Software Engineering (ICSE)},
  pages={254--265},
  year={2014}
}

@inproceedings{kim2022reverse,
  title={Reverse engineering and retrofitting robotic aerial vehicle control firmware using dispatch},
  author={Kim, Taegyu and Ding, Aolin and Etigowni, Sriharsha and Sun, Pengfei and Chen, Jizhou and Garcia, Luis and Zonouz, Saman and Xu, Dongyan and Tian, Dave},
  booktitle={Proceedings of the 20th Annual International Conference on Mobile Systems, Applications and Services},
  pages={69--83},
  year={2022}
}
